@INPROCEEDINGS{1467541, 
author={Kuk-Jin Yoon and In-So Kweon}, 
booktitle={Computer Vision and Pattern Recognition, 2005. CVPR 2005. IEEE Computer Society Conference on}, 
title={Locally adaptive support-weight approach for visual correspondence search}, 
year={2005}, 
volume={2}, 
pages={924-931 vol. 2}, 
keywords={image matching;image resolution;NP-hard problem;WTA;area-based matching method;dissimilarity computation;image pixel;locally adaptive support-weight approach;piecewise smooth disparity map;support window;visual correspondence search;winner-takes-all method;Area measurement;Computer science;Computer vision;Costs;Laboratories;NP-hard problem;Photometry;Pixel;Robot vision systems;Shape}, 
doi={10.1109/CVPR.2005.218}, 
ISSN={1063-6919}, 
month={June},}